<?xml version="1.0" encoding="UTF-8"?><collection xmlns="http://www.loc.gov/MARC21/slim"><record><leader>00436nam--2200145-i-4500</leader><controlfield tag="001">000016962</controlfield><controlfield tag="002">20161230</controlfield><controlfield tag="005">20161230201032</controlfield><controlfield tag="008">060222s1000------------r-----000-0-eng-d</controlfield><datafield ind1=" " ind2=" " tag="100"><subfield code="a">Lipman, Joseph</subfield></datafield><datafield ind1=" " ind2=" " tag="245"><subfield code="a">Residues and traces of differential forms via hochschild homology</subfield></datafield><datafield ind1=" " ind2=" " tag="260"><subfield code="a">Provicence, American Mathematical Sciences 1987</subfield></datafield><datafield ind1=" " ind2=" " tag="490"><subfield code="a">Contemporary Mathematics</subfield><subfield code="v">vol. 61</subfield></datafield><datafield ind1=" " ind2=" " tag="852"><subfield code="a">79322</subfield></datafield><datafield ind1=" " ind2=" " tag="CAT"><subfield code="a">Sys</subfield><subfield code="c">20080422</subfield><subfield code="h">103505</subfield></datafield></record></collection>